
#MODELOS DE REFERÊNCIAS BIBLIOGRÁFICAS
@book{refLivro,
  author    = {Autor do Livro},
  title     = {Título do Livro},
  publisher = {Editora do Livro},
  year      = {Ano de Publicação},
  address   = {Local de Publicação},
}


@article{refArtigo,
  author  = {Autor do Artigo},
  title   = {Título do Artigo},
  journal = {Nome do Jornal},
  year    = {Ano de Publicação},
  volume  = {Número do Volume},
  number  = {Número da Edição},
  pages   = {Páginas do Artigo},
}

@inproceedings{refConferencia,
  author       = {Autor da Conferência},
  title        = {Título da Apresentação},
  booktitle    = {Nome da Conferência},
  year         = {Ano de Apresentação},
  editor       = {Editor da Conferência},
  volume       = {Número do Volume},
  series       = {Série da Conferência},
  pages        = {Páginas da Apresentação},
  address      = {Local da Conferência},
  organization = {Organizador da Conferência},
}

@phdthesis{refTese,
  author       = {Autor da Tese},
  title        = {Título da Tese},
  school       = {Instituição de Ensino},
  year         = {Ano de Defesa},
  address      = {Local da Defesa},
}

# DIVISÕES DAS REFERÊNCIAS
 
# Cicloestratigrafia

@incollection{vail1977,
    author = {Vail, P. R. and Mitchum, R. M., Jr. and Thompson, S.},
    isbn = {9781629812052},
    title = "{Seismic Stratigraphy and Global Changes of Sea Level, Part 3: Relative Changes of Sea Level from Coastal Onlap1}",
    booktitle = "{Seismic Stratigraphy — Applications to Hydrocarbon Exploration}",
    publisher = {American Association of Petroleum Geologists},
    year = {1977},
    month = {01},
    doi = {10.1306/M26490C5},
}

@article{vail1978,
  title={Seismic stratigraphy and global changes of sea level: Part 3. Relative changes of sea level from Coastal Onlap: section 2. Application of seismic reflection Configuration to Stratigrapic Interpretation},
  author={Vail, Peter R and Mitchum Jr, RM and Thompson III, Sam},
  year={1977},
  publisher={AAPG Special Volumes}
}



@article{santos2023,
  title={Orbitally-driven Palaeogene to Neogene deposition in the western South Atlantic (Espírito Santo basin) and its correlation with global sea level},
  author={Santos, Thiago P and Lisboa, Luana P and Carreira, Victor and Venancio, Igor M and Bernardes, Marcelo C and Belem, Andre L and Díaz, Rut A and Moreira, Manuel and Lopes, Alexandre A. O. and Santos, Tulio L and Souza, Igor V and Spigolon, André L. D. and Albuquerque, Ana Luiza S},
  journal={Sedimentology},
  volume={70},
  pages={1--27},
  year={2023},
  publisher={Wiley Online Library}
}

@article{hinnov2013,
  title={Cyclostratigraphy and its revolutionizing applications in the earth and planetary sciences},
  author={Hinnov, L.A.},
  journal={Geological Society of America Bulletin},
  volume={125},
  pages={1703--1734},
  year={2013},
  doi={10.1130/B30934.1}
}


@article{bian2020,
	title = {Paleomagnetism of the {Late} {Cretaceous} {Red} {Beds} {From} the {Far} {Western} {Lhasa} {Terrane}: {Inclination} {Discrepancy} and {Tectonic} {Implications}},
	volume = {39},
	issn = {0278-7407, 1944-9194},
	doi = {10.1029/2020TC006280},
	language = {en},
	number = {8},
	urldate = {2024-04-04},
	journal = {Tectonics},
	author = {Bian, Weiwei and Yang, Tianshui and Jiang, Zelei and Jin, Jingjie and Gao, Feng and Wang, Suo and Peng, Wenxiao and Zhang, Shihong and Wu, Huaichun and Li, Haiyan and Cao, Liwan and Deng, Chenglong},
	year = {2020}
}


@article{williams1993,
	title = {History of the earth's obliquity},
	volume = {34},
	issn = {00128252},
	doi = {10.1016/0012-8252(93)90004-Q},
	language = {en},
	number = {1},
	urldate = {2024-04-04},
	journal = {Earth-Science Reviews},
	author = {Williams, George E.},
	year = {1993},
	pages = {1--45}
}

# Correlação de propriedades de diferentes naturezas 

# Contexto Geológico

@incollection{guardado1989,
    author = {Lewis, David S. and Ensley, Ross and Leander, Mark},
    isbn = {978-0-9836097-9-7},
    title = "{New Insights into Late Synrift Subsidence from Detailed Well Ties and Seismic Mapping, Campos Basin, Brazil}",
    booktitle = "{Sedimentary Basins: Origin, Depositional Histories, and Petroleum Systems}",
    publisher = {SEPM Society for Sedimentary Geology},
    year = {2014},
    month = {01},
    doi = {10.5724/gcs.14.33.0098}
}




@article{milani2007,
  title={Bacias sedimentares brasileiras: cartas estratigr{\'a}ficas},
  author={Milani, E.J. and Rangel, H.D. and Bueno, G.V. and Stica, J.M. and Winter, W.R. and Caixeta, J.M. and Neto, O.P.},
  journal={Boletim de Geociencias da PETROBRAS},
  volume={15},
  number={2},
  pages={183--205},
  year={2007}
}


@article{milani2000,
	author = {Milani, E. J. and Brand{\~{a}}o, J.L. and Zal{\'{a}}n, P. V. and Gamboa, L. A P},
	doi = {10.1590/S0102-261X2000000300012},
	issn = {0102261X},
	journal = {Revista Brasileira de Geofisica},
	keywords = {Brazilian petroleum reserves,Continental margin,Petroleum exploration, Petroleum provinces},
	number = {3},
	pages = {351--396},
	title = {{Petr{\'{o}}leo na margem continental Brasileira: Geologia, explora{\c{c}}{\~{a}}o, resultados e perspectivas}},
	volume = {18},
	year = {2000}
}

@article{milani1999,
	annote = {Cited by 0064},
	author = {Milani, Edison J and Zalan, Pedro V},
	journal = {Milani1999},
	pages = {199--205},
	title = {{An outline of the geology and petroleum systems of the Paleozoic interior basins of South America}},
	volume = {22},
	year = {1999}
}


@article{scherer2006,
	author = {Scherer, Claiton M S and Lavina, Ernesto L C},
	doi = {10.1016/j.gr.2005.12.002},
	isbn = {1342-937X},
	issn = {1342937X},
	journal = {Gondwana Research},
	keywords = {Climate change,Fluvial-eolian deposits,Southern Parana Basin,Upper Jurassic},
	number = {4},
	pages = {475--484},
	title = {{Stratigraphic evolution of a fluvial-eolian succession: The example of the Upper Jurassic-Lower Cretaceous Guara and Botucatu formations, Parana Basin, Southernmost Brazil}},
	volume = {9},
	year = {2006}
}

@incollection{silva2003,
	address = {Rio de Janeiro},
	author = {Silva, Pereira and Lopes, Ricardo and Vasconcelos, Antonio and Bahia, Ruy},
	booktitle = {Geologia, Tect{\^{o}}nica e Recursos Minerais do Brasil},
	chapter = {2},
	editor = {Shobbenhaus, C. and Vidotti, Roberta M. and Bizzi, L.A. and Gon{\c{c}}alves, J. H.},
	issn = {00145793},
	keywords = {Bacia Sedimentar,Inferior,Mesozoico},
	number = {17},
	pages = {55--85},
	publisher = {Servi{\c{c}}o Geol{\'{o}}gico do Brasil},
	title = {{Bacias Sedimentares Paleoz{\'{o}}icas e Meso-Cenoz{\'{o}}icas Interiores}},
	volume = {581},
	year = {2003}
}
@article{silva2005,
	author = {Silva, Flavio and Kiang, Chang and Caetano, Maria},
	journal = {Revista Brasileira de Geociencias},
	number = {s},
	pages = {77--88},
	title = {{Estratigrafia de Subsuperf{\'{i}}cie do Grupo Bauru no Estado de S{\~{a}}o Paulo.}},
	volume = {35},
	year = {2005}
}

@article{moriak1990,
author = {W. U. Mohriak  and M. R. Mello  and J. F. Dewey  and J. R. Maxwell },
title = {Petroleum geology of the Campos Basin, offshore Brazil},
journal = {Geological Society, London, Special Publications},
volume = {50},
number = {1},
pages = {119-141},
year = {1990},
doi = {10.1144/GSL.SP.1990.050.01.07}
}


@incollection{trindade1995,
  title={Sedimentological and geochemical characterization of the Lagoa Feia Formation, rift phase of the Campos Basin, Brazil},
  author={Trindade, LAF and Dias, JL and Mello, MR},
  booktitle={Petroleum source rocks},
  pages={149--165},
  year={1995},
  publisher={Springer}
}


@incollection{zalan2007,
	address = {Rio de Janeiro},
	author = {Zalan, Pedro V},
	booktitle = {Geologia da Plataforma Sul-Americana},
	chapter = {23},
	keywords = {Bacias Brasileiras,Faneroz{\'{o}}ica,Magmatismo,Plataforma Brasileira,Reativa{\c{c}}{\~{a}}o,Tectonismo},
	pages = {595--613},
	publisher = {Petrobras},
	title = {{Evolu{\c{c}}{\~{a}}o Faneroz{\'{o}}ica das Bacias Sedimentares Brasileiras}},
	year = {2007}
}

@book{cprm2003,
  author    = {Bizzi, A. L. and Schobbenhaus, C. and Vidotti, R. M. and Gonçalves J. H.},
  title     = {Geology, Tectonics and Mineral Resources of Brazil: Text, Maps and GIS},
  publisher = {CPRM - Geologic Service of Brazil},
  isbn      = {85-230-0790-3}
  pages     = {692},
  year      = {2003},
  address   = {UNB - Brasília University.}
}	

@article{chang1990,
  title={Novos conceitos sobre o desenvolvimento das bacias marginais do leste brasileiro},
  author={Chang, HK and Kowsmann, Renato O and Figueiredo, Ant{\^o}nio MF},
  journal={Origem e evolu{\c{c}}{\~a}o de bacias sedimentares. PETROBRAS, Rio de Janeiro},
  pages={269--289},
  year={1990}
}


@article{pereira1994,
  title={Bacia de Santos},
  author={Pereira, M{\'a}rcio J and Feij{\'o}, Fl{\'a}vio J},
  journal={Boletim de Geoci{\^e}ncias da PETROBRAS},
  volume={8},
  number={1},
  pages={219--234},
  year={1994}
}

@article{riccomini2012,
  title={Pr{\'e}-sal: geologia e explora{\c{c}}{\~a}o},
  author={Riccomini, Claudio and Sant'anna, Lucy Gomes and Tassinari, Colombo Celso Gaeta},
  journal={Revista Usp},
  number={95},
  pages={33--42},
  year={2012}
}

@article{chang2008,
  title={Sistemas petrol{\'\i}feros e modelos de acumula{\c{c}}{\~a}o de hidrocarbonetos na Bacia de Santos},
  author={Chang, Hung Kiang and Assine, Mario Luis and Corr{\^e}a, Fernando Santos and Tinen, Julio Setsuo and Vidal, Alexandre Campane and Koike, Luzia},
  journal={Brazilian Journal of Geology},
  volume={38},
  number={2},
  pages={29--46},
  year={2008}
}

@article{freitas2006,
  title={Ciclos deposionais evapor{\'\i}ticos da bacia de santos uma an{\'a}lise cicloestratigr{\'a}fica a partir de dados de 2 po{\c{c}}os e de tra{\c{c}}os de s{\'\i}smica},
  author={Freitas, Joao Trindade Rodrigues de},
  year={2006}
}


@article{gamboa2008,
  title={Evaporitos estratificados no Atl{\^a}ntico Sul: interpreta{\c{c}}{\~a}o s{\'\i}smica e controle tectono-estratigr{\'a}fico na Bacia de Santos},
  author={Gamboa, LAP and Machado, MA Pinheiro and Da Silveira, DP and De Freitas, JTR and Da Silva, SR Pereisa and Mohriak, W and Szatmari, P and Anjos, S},
  journal={Sal: Geologia e Tect{\^o}nica, Exemplos nas Basicas Brasileiras},
  pages={340--359},
  year={2008},
  publisher={Beca Edi{\c{c}}{\^o}es Ltda S{\~a}o Paulo}
}


@article{lourenco2014,
	title = {Connecting onshore-offshore {Campos} {Basin} structures: {Interpretation} of high-resolution airborne magnetic data},
	volume = {2},
	issn = {2324-8858, 2324-8866},
	shorttitle = {Connecting onshore-offshore {Campos} {Basin} structures},
	doi = {10.1190/INT-2014-0007.1},
	language = {en},
	number = {4},
	urldate = {2024-04-11},
	journal = {Interpretation},
	author = {Lourenço, Juarez and Menezes, Paulo T. L. and Barbosa, Valeria C. F.},
	year = {2014},
	pages = {SJ35--SJ45}
}

@book{cartas2007,
  author    = {Milani, E. J. and Spadini, A. R. and Terra G. J. and Silva, E. F. and Bueno, G. V. and Rangel H. D. Stica, J. M. and Arai, M. and Junior, O. G. and Zalan, P. V. and Azevedo, R. L. and Freitas, S. T. and Anjos, S. M.},
  title     = {Cartas Estratigráficas},
  publisher = {Boletim de Geociências da Petrobrás},
  volume    = {15},
  number    = {2},
  month     = {maio-novembro}, 
  issn      = {0102-9304}
  year      = {2007},
  address   = {SCOPUS},
}




@inbook{tucker1990a,
author    = {Tucker, W.},
publisher = {John Wiley \& Sons, Ltd},
isbn = {9781444314175},
title = {Carbonate Sediments and Limestones: Constituents},
booktitle = {Carbonate Sedimentology},
chapter = {1},
pages = {1-27},
doi = {https://doi.org/10.1002/9781444314175.ch1},
url = {https://onlinelibrary.wiley.com/doi/abs/10.1002/9781444314175.ch1},
eprint = {https://onlinelibrary.wiley.com/doi/pdf/10.1002/9781444314175.ch1},
year = {1990},
}

@inbook{tucker1990b,
author    = {Tucker, W.},
publisher = {John Wiley \& Sons, Ltd},
isbn = {9781444314175},
title = {Geological Background to Carbonate Sedimentation},
booktitle = {Carbonate Sedimentology},
chapter = {2},
pages = {28-69},
doi = {https://doi.org/10.1002/9781444314175.ch2},
url = {https://onlinelibrary.wiley.com/doi/abs/10.1002/9781444314175.ch2},
eprint = {https://onlinelibrary.wiley.com/doi/pdf/10.1002/9781444314175.ch2},
year = {1990},
}

@inbook{tucker1990c,
author    = {Tucker, W.},
publisher = {John Wiley \& Sons, Ltd},
isbn = {9781444314175},
title = {Modern Carbonate Environments},
booktitle = {Carbonate Sedimentology},
chapter = {3},
pages = {70-100},
doi = {https://doi.org/10.1002/9781444314175.ch3},
url = {https://onlinelibrary.wiley.com/doi/abs/10.1002/9781444314175.ch3},
eprint = {https://onlinelibrary.wiley.com/doi/pdf/10.1002/9781444314175.ch3},
year = {1990},
}


@inbook{tucker1990d,
author    = {Tucker, W.},
publisher = {John Wiley \& Sons, Ltd},
isbn = {9781444314175},
title = {Carbonate Depositional Systems I: Marine Shallow-Water and Lacustrine Carbonates},
booktitle = {Carbonate Sedimentology},
chapter = {4},
pages = {101-227},
doi = {https://doi.org/10.1002/9781444314175.ch4},
url = {https://onlinelibrary.wiley.com/doi/abs/10.1002/9781444314175.ch4},
eprint = {https://onlinelibrary.wiley.com/doi/pdf/10.1002/9781444314175.ch4},
year = {1990},
}

@inbook{tucker1990e,
author    = {Tucker, W.},
publisher = {John Wiley \& Sons, Ltd},
isbn = {9781444314175},
title = {Carbonate Depositional Systems II: Deeper-Water Facies of Pelagic and Resedimented Limestones},
booktitle = {Carbonate Sedimentology},
chapter = {5},
pages = {228-283},
doi = {https://doi.org/10.1002/9781444314175.ch5},
url = {https://onlinelibrary.wiley.com/doi/abs/10.1002/9781444314175.ch5},
eprint = {https://onlinelibrary.wiley.com/doi/pdf/10.1002/9781444314175.ch5},
year = {1990},
}


# Tectônica e paleorreconstrução

@article{scotese2013,
author = {Scotese, Christopher},
year = {2013},
month = {12},
pages = {3},
title = {KT Globe, PALEOMAP Project, Evanston},
url = {www.paleomap.com},
doi = {10.13140/2.1.4501.5688}
}

@article{merdith2021,
	title = {Extending full-plate tectonic models into deep time: {Linking} the {Neoproterozoic} and the {Phanerozoic}},
	volume = {214},
	issn = {00128252},
	shorttitle = {Extending full-plate tectonic models into deep time},
	doi = {10.1016/j.earscirev.2020.103477},
	language = {en},
	urldate = {2024-04-05},
	journal = {Earth-Science Reviews},
	author = {Merdith, Andrew S. and Williams, Simon E. and Collins, Alan S. and Tetley, Michael G. and Mulder, Jacob A. and Blades, Morgan L. and Young, Alexander and Armistead, Sheree E. and Cannon, John and Zahirovic, Sabin and Müller, R. Dietmar},
	year = {2021},
	pages = {103477}
}

@article{cao2021,
	title = {Coupled {Evolution} of {Plate} {Tectonics} and {Basal} {Mantle} {Structure}},
	volume = {22},
	issn = {1525-2027, 1525-2027},
	doi = {10.1029/2020GC009244},
	language = {en},
	number = {1},
	urldate = {2024-04-05},
	journal = {Geochemistry, Geophysics, Geosystems},
	author = {Cao, Xianzhi and Flament, Nicolas and Müller, R. Dietmar},
	year = {2021},
	pages = {e2020GC009244}
}

# Lagos

@article{carroll1999,
  title={Stratigraphic classification of ancient lakes: Balancing tectonic and climatic controls},
  author={Carroll, A.R. and Bohacs, K.M.},
  journal={Geology},
  volume={27},
  number={2},
  pages={99--102},
  year={1999},
  doi={10.1130/0091-7613(1999)027<0099:SCOALB>2.3.CO;2}
}

@inproceedings{olsen1990,
  title={Tectonic, climatic, and biotic modulation of lacustrine ecosystems--examples from Newark Supergroup of eastern North America},
  author={Olsen, P.E.},
  booktitle={Lacustrine Basin Exploration - case Stud. Mod. Analog.},
  pages={209--224},
  year={1990}
}

@article{tyson2003,
title = {Sedimentation rate, dilution, preservation and total organic carbon: some results of a modelling study},
journal = {Organic Geochemistry},
volume = {32},
number = {2},
pages = {333-339},
year = {2001},
issn = {0146-6380},
doi = {https://doi.org/10.1016/S0146-6380(00)00161-3},
author = {R.V. Tyson}
}

@article{kelts1988,
author = {K. Kelts },
title = {Environments of deposition of lacustrine petroleum source rocks: an introduction},
journal = {Geological Society, London, Special Publications},
volume = {40},
number = {1},
pages = {3-26},
year = {1988},
doi = {10.1144/GSL.SP.1988.040.01.02}
}


@article{talbot1988,
author = {M. R. Talbot },
title = {The origins of lacustrine oil source rocks: evidence from the lakes of tropical Africa},
journal = {Geological Society, London, Special Publications},
volume = {40},
number = {1},
pages = {29-43},
year = {1988},
doi = {10.1144/GSL.SP.1988.040.01.04},
}

@article{katz1995,
  title={A survey of rift basin source rocks},
  author={Katz, Barry J},
  journal={Geological Society, London, Special Publications},
  volume={80},
  number={1},
  pages={213--240},
  year={1995},
  publisher={The Geological Society of London}
}



# IA 

@article{ester1996,
  title={A density-based algorithm for discovering clusters in large spatial databases with noise},
  author={Ester, Martin and Kriegel, Hans-Peter and Sander, J{\"o}rg and Xu, Xiaowei},
  journal={Kdd},
  volume={96},
  number={34},
  pages={226--231},
  year={1996}
}

@article{sander1998,
  title={Density-based clustering in spatial databases: The algorithm gdbscan and its applications},
  author={Sander, J{\"o}rg and Ester, Martin and Kriegel, Hans-Peter and Xu, Xiaowei},
  journal={Data Mining and Knowledge Discovery},
  volume={2},
  number={2},
  pages={169--194},
  year={1998},
  publisher={Springer}
}

@article{schubert2017,
  title={DBSCAN revisited, revisited: Why and how you should (still) use DBSCAN},
  author={Schubert, Erich and Sander, J{\"o}rg and Ester, Martin and Kriegel, Hans-Peter and Xu, Xiaowei},
  journal={ACM Transactions on Database Systems (TODS)},
  volume={42},
  number={3},
  pages={19},
  year={2017},
  publisher={ACM}
}

@inproceedings{lundberg2017,
  title={A Unified Approach to Interpreting Model Predictions},
  author={Lundberg, S. M. and Lee, S.},
  booktitle={Advances in Neural Information Processing Systems},
  pages={4765-4774},
  year={2017}
}


# Modelagem 3D e correlação de propriedades



@article{thomas2022,
  author = {Thomas, A. T. and von Harten, J. and Jusri, T. and et al.},
  title = {An integrated modeling scheme for characterizing 3D hydrogeological heterogeneity of the New Jersey shelf},
  journal = {Marine Geophysical Research},
  volume = {43},
  number = {11},
  year = {2022},
  doi = {10.1007/s11001-022-09475-z},
  url = {https://doi.org/10.1007/s11001-022-09475-z},
}


@book{nichols1999,
  author    = {Nichols, Gary},
  title     = {Sedimentology and Stratigraphy},
  publisher = {Wiley-Blackwell},
  year      = {1999},
  edition   = {1st},
  isbn      = {978-0632057355}
}

@book{miall2015,
  author    = {Miall, Andrew D.},
  title     = {Principles of Sedimentary Basin Analysis},
  publisher = {Springer},
  year      = {2015},
  edition   = {4th},
  isbn      = {978-3319143805}
}

@book{posamentier1999,
  author    = {Posamentier, Henry W. and Allen, George P.},
  title     = {Siliciclastic Sequence Stratigraphy: Concepts and Applications},
  publisher = {SEPM Society for Sedimentary Geology},
  year      = {1999},
  edition   = {1st},
  isbn      = {978-1565760836}
}

@inproceedings{carreira2024b,
  author       = {Carreira,V.R. and Chede, B. S.and Silva, M. G. and  Venancio,I.M. and Belem, A.L. and Viegas, I.A.F.S. and Spigolon, A.L.D. Albuquerque, A.L.S.},
  title        = {Exploiting pseudo wells in a synthetic sedimentary basin: a simulation in Santos Off-Shore Basin in the Southeast Atlantic portion of Brazil, using synthetic TOC for k-means classification. },
  year         = {2024},
  editor       = {EGU},
  address      = {Vienna - Austria},
  organization = {General Assembly of the European Geoscience Union - EGU}
}

@article{carreira2024,
  title={Reconstruction of lithofacies using a supervised Self-Organizing Map: Application in pseudo-wells based on a synthetic geologic cross-section},
  author={Carreira, V.R. and Bijani, R. and Ponte-Neto, C.F.},
  journal={Artificial Intelligence in Geosciences},
  volume={5},
  pages={1072},
  year={2024}
}

@article{carreira2018,
  title={Density Model for the Central Part of Paraná Basin, Using Magnetotellurics as Basement Constrain, South Portion of Brazil},
  author={Carreira, V. R. and La Terra, E. F. and Fontes, S. L.},
  journal={Revista Brasileira de Geofísica},
  volume={36},
  pages={59--79},
  year={2018}
}



@inproceedings{carreira21,
    author={Carreira, V.R. and Bijani, R. and Ponte-Neto, C.F.},
  title        = {A numerical approach for natural overburden stress correction},
  year         = {2021},
  editor       = {Brazilian Geophysical International congress},
  series       = {Proceeding of the 17th International Congress of the Brazilian Geophysical},
  pages        = {5},
  address      = {Rio de Janeiro - Brazil.},
  organization = {Brazilian Geophysical Society},
}



@article{passey1990,
  title={A pratical model for organic richness from porosity and resistivity logs},
  author={Passey, Q. and Creaney, S. and Kulla, J. and Moretti, F. and Stroud, J.},
  journal={The American Association of Petroleum Geologists Bulletin},
  volume={74},
  number={12},
  pages={1777--1794},
  year={1990}
}



# Sísmica


# metaheiristica e IA

@article{poulton2002,
	author = {Poulton, Mary M.},
	doi = {10.1190/1.1484539},
	issn = {0016-8033},
	journal = {Geophysics},
	number = {3},
	pages = {979},
	title = {{Neural networks as an intelligence amplification tool: A review of applications}},
	volume = {67},
	year = {2002}
}

# Paleoclimatologia, paleoprodurividade primária e eventos anóxicos 


@article{venancio2022,
  title={Preservation Factors during Cretaceous Oceanic Anoxic Events in the Espírito Santo Basin, Southeast Brazil},
  author={Venancio, Igor M and Santos, Thiago P and Bione, Fellippe R A and Belem, Andre L and Bernardes, Marcelo C and Díaz, Rut A and Moreira, Manuel and Carreira, Victor and Spigolon, André and Souza, Igor V and Albuquerque, Ana Luiza S},
  journal={Geosciences},
  volume={12},
  number={9},
  pages={351},
  year={2022},
  publisher={MDPI}
}


@book{bordenave1993,
  title={Applied petroleum geochemistry},
  author={Bordenave, M.L.},
  year={1993},
  publisher={Editions Technip}
}

@book{peters2015,
  title={The biomarker Guide},
  author={Peters, K.E. and Walters, C.C. and Moldowan, J.M.},
  volume = {1},
  pages={72--117},
  year={2015}
}

@book{engelhardt2013,
  title={Fundamentals of Basin and Petroleum Systems Modeling},
  author={Engelhardt, M.},
  year={2013},
  publisher={Springer}
}
